@INPROCEEDINGS{MICADO,
   author = {{Davies}, R. and others},
    title = "{MICADO: the E-ELT adaptive optics imaging camera}",
booktitle = {SPIE Conf. Series},
     year = 2010,
   series = {SPIE Conf. Series},
   volume = 7735,
archivePrefix = "arXiv",
   eprint = {1005.5009},
 primaryClass = "astro-ph.IM",
    month = jul,
      eid = {77352A},
    pages = {2},
      doi = {10.1117/12.856379},
   adsurl = {http://adsabs.harvard.edu/abs/2010SPIE.7735E..2AD},
  adsnote = {Provided by the SAO/NASA Astrophysics Data System}
}


@ARTICLE{EELT,
   author = {{Gilmozzi}, R. and {Spyromilio}, J.},
    title = "{The European Extremely Large Telescope (E-ELT)}",
  journal = {The Messenger},
     year = 2007,
    month = mar,
   volume = 127,
    pages = {11},
   adsurl = {http://adsabs.harvard.edu/abs/2007Msngr.127...11G},
  adsnote = {Provided by the SAO/NASA Astrophysics Data System}
}


@ARTICLE{PhoSim,
   author = {{Peterson}, J.~R. and others},
    title = "{Simulation of Astronomical Images from Optical Survey Telescopes Using a Comprehensive Photon Monte Carlo Approach}",
  journal = {\apjs},
archivePrefix = "arXiv",
   eprint = {1504.06570},
 primaryClass = "astro-ph.IM",
 keywords = {atmospheric effects, cosmology: observations, Galaxy: structure, instrumentation: detectors, surveys, telescopes},
     year = 2015,
    month = may,
   volume = 218,
      eid = {14},
    pages = {14},
      doi = {10.1088/0067-0049/218/1/14},
   adsurl = {http://adsabs.harvard.edu/abs/2015ApJS..218...14P},
  adsnote = {Provided by the SAO/NASA Astrophysics Data System}
}


@ARTICLE{HxRG,
   author = {{Rauscher}, B.~J.},
    title = "{Teledyne H1RG, H2RG, and H4RG Noise Generator}",
  journal = {\pasp},
archivePrefix = "arXiv",
   eprint = {1509.06264},
 primaryClass = "astro-ph.IM",
     year = 2015,
   volume = 127,
    pages = {1144-1151},
      doi = {10.1086/684082},
   adsurl = {http://adsabs.harvard.edu/abs/2015PASP..127.1144R},
  adsnote = {Provided by the SAO/NASA Astrophysics Data System}
}


@INPROCEEDINGS{METIS,
   author = {{Schmalzl}, E. and others},
    title = "{An end-to-end instrument model for the proposed E-ELT instrument METIS}",
booktitle = {SPIE Conf. Series},
     year = 2012,
   series = {SPIE Conf. Series},
   volume = 8449,
    month = sep,
      eid = {84491P},
    pages = {1},
      doi = {10.1117/12.925938},
   adsurl = {http://adsabs.harvard.edu/abs/2012SPIE.8449E..1PS},
  adsnote = {Provided by the SAO/NASA Astrophysics Data System}
}


@INPROCEEDINGS{HSim,
   author = {{Zieleniewski}, S. and {Thatte}, N. and {Kendrew}, S. and {Houghton}, R. and 
	{Tecza}, M. and {Clarke}, F. and {Fusco}, T. and {Swinbank}, M.
	},
    title = "{Simulating observations with HARMONI: the integral field spectrograph for the European Extremely Large Telescope}",
booktitle = {SPIE Conf. Series},
     year = 2014,
   series = {SPIE Conf. Series},
   volume = 9147,
    month = jul,
      eid = {914793},
    pages = {93},
      doi = {10.1117/12.2055578},
   adsurl = {http://adsabs.harvard.edu/abs/2014SPIE.9147E..93Z},
  adsnote = {Provided by the SAO/NASA Astrophysics Data System}
}
